% This file was created with JabRef 2.7.
% Encoding: UTF-8

@MISC{ref:ms_firewalls,
  author = {Tony Northup},
  title = {Firewalls [online]},
  year = {[cit. \today]},
  note = {Dostupné z WWW:~\X<\url{http://technet.microsoft.com/en-us/library/cc700820.aspx}\X>},
  owner = {pavel},
  timestamp = {2011.10.08}
}

@MISC{ref:osi,
  author = {Josef Vavřina},
  title = {\textit{Jak fungují počítačové sítě? 1. díl} [online]},
  month = {7. srpna 2009 [cit. \today]},
  note = {Dostupné z WWW:~\X<\url{http://magazin.stahuj.centrum.cz/jak-funguji-pocitacove-site-1-dil/tisk/}\X>},
  owner = {pavel},
  timestamp = {2011.10.08}
}

@MISC{ref:wiki_firewall,
  title = {\textit{Firewall (computing). In Wikipedia : the free encyclopedia}
	[online]},
  year = {8. října 2011 [cit. \today]},
  note = {Dostupné na WWW:~\X<\url{http://en.wikipedia.org/wiki/Firewall_(computing)}\X>}
}

@MISC{ref:idps,
  title = {\textit{IDPS TECHNOLOGIES: AN OVERVIEW} [online]},
  year = {20. březen 2011 [cit. \today]},
  note = {Dostupné z WWW:~\X<\url{http://ids.nic.in/tnl%20mar%202009/idps/idpsbody.html}\X>},
  owner = {pavel},
  timestamp = {2011.10.08}
}

@MISC{ref:mod_firewall,
  title = {\textit{The Modern Firewall} [online]},
  year = {18. září 2011 [cit. \today]},
  note = {Dostupné z WWW:~\X<\url{http://blogspot.ipcomtech.net/2010/09/modern-firewall.html}\X>},
  owner = {pavel},
  timestamp = {2011.10.11}
}
